@book{Preparata85,
  author = {F. P. Preparata and M. I. Shamos},
  title = {Computational Geometry: An Introduction},
  publisher = {Springer-Verlag},
  year = 1985
}

@INPROCEEDINGS{Fischer06theoreticaland,
    author = {Johannes Fischer and Volker Heun},
    title = { Theoretical and practical improvements on the RMQ-problem, with applications to LCA and LCE},
    booktitle = { PROC. CPM. VOLUME 4009 OF LNCS},
    year = {2006},
    pages = {36--48},
    publisher = {Springer}
}

@article{Chazelle:1988:FAD:44082.44083,
 author = {Chazelle, Bernard},
 title = {Functional approach to data structures and its use in multidimensional searching},
 journal = {SIAM J. Comput.},
 volume = {17},
 issue = {3},
 month = {June},
 year = {1988},
 issn = {0097-5397},
 pages = {427--462},
 numpages = {36},
 url = {http://dx.doi.org/10.1137/0217026},
 doi = {http://dx.doi.org/10.1137/0217026},
 acmid = {44083},
 publisher = {Society for Industrial and Applied Mathematics},
 address = {Philadelphia, PA, USA},
} 

@article{Shi:2005:NFA:1196175.1196181,
 author = {Shi, Qingmin and JaJa, Joseph},
 title = {A new framework for addressing temporal range queries and some preliminary results},
 journal = {Theor. Comput. Sci.},
 volume = {332},
 issue = {1-3},
 month = {February},
 year = {2005},
 issn = {0304-3975},
 pages = {109--121},
 numpages = {13},
 url = {http://dx.doi.org/10.1016/j.tcs.2004.10.013},
 doi = {http://dx.doi.org/10.1016/j.tcs.2004.10.013},
 acmid = {1196181},
 publisher = {Elsevier Science Publishers Ltd.},
 address = {Essex, UK},
 keywords = {algorithms, data structures, orthogonal range search, temporal data},
} 

@MISC{Shi_space-efficientand,
    author = {Qingmin Shi and Joseph F. JaJa and Christian W. Mortensen},
    title = {Space-Efficient and Fast Algorithms for Multidimensional Dominance Reporting and Range Counting},
    year = {}
}
