@INPROCEEDINGS{Bender00thelca,
    author = {Michael A. Bender and Mart√≠n Farach-colton},
    title = {The LCA problem revisited},
    booktitle = {In Latin American Theoretical INformatics},
    year = {2000},
    pages = {88--94},
    publisher = {Springer}
}

@INPROCEEDINGS{Fischer06,
    author = {Johannes Fischer and Volker Heun},
    title = { Theoretical and practical improvements on the RMQ-problem, with applications to LCA and LCE},
    booktitle = { PROC. CPM. VOLUME 4009 OF LNCS},
    year = {2006},
    pages = {36--48},
    publisher = {Springer}
}

@article{Ben77,
  author = {Bentley, Jon Louis and Stanat, Donald F. and Jr., E. Hollings Williams},
  journal = {Inf. Process. Lett.},
  number = 6,
  pages = {209-212},
  title = {The Complexity of Finding Fixed-Radius Near Neighbors.},
  url = {http://dblp.uni-trier.de/db/journals/ipl/ipl6.html#BentleySW77},
  volume = 6,
  year = 1977
}

@article{Fu11,
  author = {T. Fu.},
  journal = {Engineering Applications of Artificial Intelligence},
  number = 24,
  pages = {164-181},
  title = {A review on time series data mining},
  year = 2011
}



@article{HarTar84,
 author = {Harel, Dov and Tarjan, Robert Endre},
 title = {Fast algorithms for finding nearest common ancestors},
 journal = {SIAM J. Comput.},
 volume = {13},
 issue = {2},
 month = {May},
 year = {1984},
 issn = {0097-5397},
 pages = {338--355},
 numpages = {18},
 url = {http://dl.acm.org/citation.cfm?id=373.411},
 doi = {10.1137/0213024},
 acmid = {411},
 publisher = {Society for Industrial and Applied Mathematics},
 address = {Philadelphia, PA, USA},
} 

@book{ShaZhu04,
   author = {D. Shasha and Y. Zhu.},
   title = {High performance discovery in time series: techniques and case studies},
   publisher = {Springer-Verlag},
   year = {2004},

}
@article{ShiJaja03,
 author = {Shi, Qingmin and JaJa, Joseph},
 title = {A new framework for addressing temporal range queries and some preliminary results},
 journal = {Theor. Comput. Sci.},
 volume = {332},
 issue = {1-3},
 month = {February},
 year = {2005},
 issn = {0304-3975},
 pages = {109--121},
 numpages = {13},
 url = {http://dx.doi.org/10.1016/j.tcs.2004.10.013},
 doi = {http://dx.doi.org/10.1016/j.tcs.2004.10.013},
 acmid = {1196181},
 publisher = {Elsevier Science Publishers Ltd.},
 address = {Essex, UK},
 keywords = {algorithms, data structures, orthogonal range search, temporal data},
} 

